<?xml version="1.0" encoding="UTF-8"?><collection xmlns="http://www.loc.gov/MARC21/slim"><record><leader>00506nam--2200181-i-4500</leader><controlfield tag="001">000010382</controlfield><controlfield tag="002">20161230</controlfield><controlfield tag="005">20161230201028</controlfield><controlfield tag="008">060222s1000------------r-----000-0-eng-d</controlfield><datafield ind1=" " ind2=" " tag="040"><subfield code="a">IFIN-HH</subfield></datafield><datafield ind1=" " ind2=" " tag="080"><subfield code="a">539.141:539.142</subfield></datafield><datafield ind1="1" ind2=" " tag="100"><subfield code="a">Brown, G. E</subfield></datafield><datafield ind1="1" ind2="0" tag="245"><subfield code="a">Unified theory of nuclear models and forces</subfield><subfield code="c">G.e. brown</subfield></datafield><datafield ind1=" " ind2=" " tag="250"><subfield code="a">Second Revised Edition</subfield></datafield><datafield ind1=" " ind2=" " tag="260"><subfield code="a">Amsterdam</subfield><subfield code="b">North-holland Publishing Company</subfield><subfield code="c">1971</subfield></datafield><datafield ind1=" " ind2=" " tag="300"><subfield code="a">XII + 316 P</subfield></datafield><datafield ind1=" " ind2=" " tag="852"><subfield code="a">27155</subfield><subfield code="c">539.14</subfield></datafield><datafield ind1=" " ind2=" " tag="CAT"><subfield code="a">Sys</subfield><subfield code="c">20120327</subfield><subfield code="h">091725</subfield></datafield></record></collection>